@article{hladky1970discreteness,
  title={Discreteness of conductance change in bimolecular lipid membranes in the presence of certain antibiotics},
  author={Hladky, S.B. and Haydon, D.A.},
  journal={Nature},
  volume={225},
  pages={451--453},
  year={1970},
  publisher={Springer}
}
@article{zingsheim1974equivalence,
  title={The equivalence of fluctuation analysis and chemical relaxation measurements: A kinetic study of ion pore formation in thin lipid membranes},
  author={Zingsheim, H.P. and Neher, E.},
  journal={Biophysical Chemistry},
  volume={2},
  pages={197},
  year={1974},
  publisher={Elsevier}
}
@inproceedings{bamberg1974carrier,
  title={Carrier and Pore Mechanisms in Lipid Membranes},
  author={Bamberg, E. and Benz, R. and Läuger, P. and Stark, G.},
  booktitle={Colloquium der Gesellschaft für Biologische Chemie},
  volume={25},
  year={1974},
  pages={331--350},
  publisher={Springer}
}
@article{neher1977electrically,
  title={Electrically gated ionic channels in lipid bilayers},
  author={Neher, E. and Stevens, C.P.},
  journal={Quarterly Reviews of Biophysics},
  volume={6},
  pages={345--381},
  year={1977},
  publisher={Cambridge University Press}
}
@article{wallace1992model,
  title={Model ion channels: Gramicidin and alamethicin},
  author={Wallace, B.A.},
  journal={Journal of Membrane Biology},
  volume={129},
  pages={109--136},
  year={1992},
  publisher={Springer}
}
@article{mueller1962reconstitution,
  title={Reconstitution of cell membrane structure in vitro and its transformation into an excitable system},
  author={Mueller, P. and Rudin, D.O. and Tien, H. and Wescott, W.C.},
  journal={Nature},
  volume={194},
  pages={979--980},
  year={1962},
  doi={10.1038/194979a0},
  publisher={Springer}
},

@article{dis_time,
    author = {Hladky, S.B., Haydon},
    title = {single-channel conductance in glyceryl monooleate BLM (in 0.5M KCl))},
    journal = {D.A. BBA},
    year = {274 (1972) 294-312}
},

@article{conductivity,
    author = {Hladky, S.B., Haydon},
    title = {mean channel lifetime in glyceryl monooleate BLM (prepared with tetradecane)},
    journal = {D.A. BBA},
    year = {274 (1972) 294-312}
}
@article{article,
author = {Darmanin, Connie and Sarkar, Sampa and Castelli, Laura and Conn, Charlotte},
year = {2016},
month = {08},
pages = {},
title = {Effect of LCP structure on functionality of the Dopamine 2L Receptor: implications for in meso crystallization},
volume = {16},
journal = {Crystal Growth & Design},
doi = {10.1021/acs.cgd.6b00576}
}
@article{Benz1979,
  author = {Benz, Roland and Beckers, Friedrich and Zimmermann, Ulrich},
  title = {Reversible electrical breakdown of lipid bilayer membranes: a charge-pulse relaxation study},
  journal = {J Membr Biol},
  volume = {48},
  number = {2},
  pages = {181-204},
  year = {1979},
  month = {Jul 16},
  doi = {10.1007/BF01872858},
  PMID = {480336}
}
